
%%================================================================
%% Conserver ces lignes STRING en d\'ebut de fichier de bibliographie
%%================================================================
@STRING{TALN = {Traitement automatique des langues naturelles}}
@STRING{TALNPAREN = " (" # TALN # ")"}
@STRING{ACTESDE = "Actes de "} 

%%================================================================
%% Introduire vos entr\'ees bibliographiques ici
%%================================================================

%% exemples d'entr\'ees de TALN (simplifi\'ee gr\^ace \`a une r\'ef\'erence crois\'ee)


@inproceedings{Raz12,
 author = {Raz, Yishay},
 title = {Automatic Humor Classification on Twitter},
 booktitle = {Proceedings of the 2012 Conference of the North American Chapter of the Association for Computational Linguistics: Human Language Technologies: Student Research Workshop},
 series = {NAACL HLT '12},
 year = {2012},
 isbn = {978-1-937284-20-6},
 location = {Montr\Ã©al, Canada},
 pages = {66--70},
 numpages = {5},
 url = {http://dl.acm.org/citation.cfm?id=2385736.2385750},
 acmid = {2385750},
 publisher = {Association for Computational Linguistics},
 address = {Stroudsburg, PA, USA},
} 




@inproceedings{Barbosa2010,
 author = {Barbosa, Luciano and Feng, Junlan},
 title = {Robust Sentiment Detection on Twitter from Biased and Noisy Data},
 booktitle = {Proceedings of the 23rd International Conference on Computational Linguistics: Posters},
 series = {COLING '10},
 year = {2010},
 location = {Beijing, China},
 pages = {36--44},
 numpages = {9},
 url = {http://dl.acm.org/citation.cfm?id=1944566.1944571},
 acmid = {1944571},
 publisher = {Association for Computational Linguistics},
 address = {Stroudsburg, PA, USA},
} 



@inproceedings{Kiddon11,
  added-at = {2011-06-21T00:00:00.000+0200},
  author = {Kiddon, Chloe and Brun, Yuriy},
  biburl = {http://www.bibsonomy.org/bibtex/285ce27c24ba25e10e5d9c164255dbb84/dblp},
  booktitle = {ACL (Short Papers)},
  crossref = {conf/acl/2011s},
  ee = {http://www.aclweb.org/anthology/P11-2016},
  interhash = {d5be671350e2ec57af082988ba1b9a00},
  intrahash = {85ce27c24ba25e10e5d9c164255dbb84},
  isbn = {978-1-932432-88-6},
  keywords = {dblp},
  pages = {89-94},
  publisher = {The Association for Computer Linguistics},
  timestamp = {2011-06-21T00:00:00.000+0200},
  title = {That's What She Said: Double Entendre Identification.},
  url = {http://dblp.uni-trier.de/db/conf/acl/acl2011s.html#KiddonB11},
  year = 2011
}



@article{cohen1960,
  added-at = {2008-03-03T18:54:52.000+0100},
  author = {Cohen, J.},
  biburl = {http://www.bibsonomy.org/bibtex/27e9a8dc8c720dcea2bda1cdb7d74b854/mstrohm},
  description = {Introduces Kappa as a way of calculating inter rater agreement between two raters},
  interhash = {83c003e853b90a89d55f97f50ad5ca7d},
  intrahash = {7e9a8dc8c720dcea2bda1cdb7d74b854},
  journal = {Educational and Psychological Measurement},
  keywords = {INFLUENTIAL methods tools},
  number = 1,
  pages = 37,
  timestamp = {2008-03-03T18:54:52.000+0100},
  title = {{A Coefficient of Agreement for Nominal Scales}},
  volume = 20,
  year = 1960
}


@inproceedings{ReyesPRS10,
  added-at = {2010-07-21T16:07:27.000+0200},
  author = {Reyes, Antonio and Potthast, Martin and Rosso, Paolo and Stein, Benno},
  biburl = {http://www.bibsonomy.org/bibtex/209f18f8e60a13ddba047a6300ad791e4/dblp},
  booktitle = {LREC},
  crossref = {conf/lrec/2010},
  date = {2010-06-02},
  editor = {Calzolari, Nicoletta and Choukri, Khalid and Maegaard, Bente and Mariani, Joseph and Odijk, Jan and Piperidis, Stelios and Rosner, Mike and Tapias, Daniel},
  ee = {http://www.lrec-conf.org/proceedings/lrec2010/summaries/731.html},
  interhash = {327010f168fe2940665ed62878d04446},
  intrahash = {09f18f8e60a13ddba047a6300ad791e4},
  isbn = {2-9517408-6-7},
  keywords = {dblp},
  publisher = {European Language Resources Association},
  timestamp = {2010-07-21T16:07:27.000+0200},
  title = {Evaluating Humour Features on Web Comments.},
  url = {http://dblp.uni-trier.de/db/conf/lrec/lrec2010.html#ReyesPRS10},
  year = 2010
}


@inproceedings{MihalceaP07,
  added-at = {2007-05-21T00:00:00.000+0200},
  author = {Mihalcea, Rada and Pulman, Stephen G.},
  biburl = {http://www.bibsonomy.org/bibtex/20314636eb753f4447260013d0a13580a/dblp},
  booktitle = {CICLing},
  crossref = {conf/cicling/2007},
  date = {2007-05-21},
  description = {dblp},
  editor = {Gelbukh, Alexander F.},
  ee = {http://dx.doi.org/10.1007/978-3-540-70939-8_30},
  interhash = {d6e3f41ed639d6d5c5402fda45d8c135},
  intrahash = {0314636eb753f4447260013d0a13580a},
  isbn = {3-540-70938-X},
  keywords = {dblp},
  pages = {337-347},
  publisher = {Springer},
  series = {Lecture Notes in Computer Science},
  timestamp = {2007-05-21T00:00:00.000+0200},
  title = {Characterizing Humour: An Exploration of Features in Humorous Texts.},
  url = {http://dblp.uni-trier.de/db/conf/cicling/cicling2007.html#MihalceaP07},
  volume = 4394,
  year = 2007
}

%%================================================================
%% Conserver ces lignes qui serviront \`a des r\'ef\'erences crois\'ees
%% en fin de fichier de bibliographie
%%================================================================
@Proceedings{TALN97,
  title = 	 ACTESDE # {TALN 1997} # TALNPAREN,
  booktitle = 	 ACTESDE # {TALN 1997} # TALNPAREN,
  year = 	 1997,
  editor =	 {Damien Genthial},
  address =	 {Grenoble},
  month =	 JUN
}

@Proceedings{TALN98,
  title = 	 ACTESDE # {TALN 1998} # TALNPAREN,
  booktitle = 	 ACTESDE # {TALN 1998} # TALNPAREN,
  year = 	 1998,
  editor =	 {Pierre Zweigenbaum},
  address =	 {Paris},
  organization = {ATALA},
  month =	 JUN
}

@Proceedings{TALN99,
  title = 	 ACTESDE # {TALN 1999} # TALNPAREN,
  booktitle = 	 ACTESDE # {TALN 1999} # TALNPAREN,
  year = 	 1999,
  editor =	 {Pascal Amsili},
  address =	 {Carg\`ese},
  organization = {ATALA},
  month =	 JUL
}

@Proceedings{TALN2000,
  title = 	 ACTESDE # {TALN 2000} # TALNPAREN,
  booktitle = 	 ACTESDE # {TALN 2000} # TALNPAREN,
  year = 	 2000,
  editor =	 {Eric Wehrli and Martin Rajman},
  address =	 {Lausanne},
  organization = {ATALA},
  publisher =	 {EPFL},
  month =	 OCT
}

@Proceedings{TALN2001,
  title = 	 ACTESDE # {TALN 2001} # TALNPAREN,
  booktitle = 	 ACTESDE # {TALN 2001} # TALNPAREN,
  year = 	 2001,
  editor =	 {Denis Maurel},
  address =	 {Tours},
  organization = {ATALA},
  publisher =	 {Universit\'e de Tours},
  month =	 JUL
}

@Proceedings{TALN2002,
  title = 	 ACTESDE # {TALN 2002} # TALNPAREN,
  booktitle = 	 ACTESDE # {TALN 2002} # TALNPAREN,
  year = 	 2002,
  editor =	 {Jean-Marie Pierrel},
  address =	 {Nancy},
  organization = {ATALA},
  publisher =	 {ATILF},
  month =	 JUN
}

@Proceedings{TALN2003,
  title = 	 ACTESDE # {TALN 2003} # TALNPAREN,
  booktitle = 	 ACTESDE # {TALN 2003} # TALNPAREN,
  year = 	 2003,
  editor =	 {B\'eatrice Daille},
  address =	 {Batz-sur-mer},
  organization = {ATALA},
  publisher =	 {IRIN},
  month =	 JUN
}

@Proceedings{TALN2004,
  title = 	 ACTESDE # {TALN 2004} # TALNPAREN,
  booktitle = 	 ACTESDE # {TALN 2004} # TALNPAREN,
  year = 	 2004,
  editor =	 {Philippe Blache},
  address =	 {F\`es, Maroc},
  organization = {ATALA},
  publisher =	 {LPL},
  month =	 APR
}

@Proceedings{TALN2005,
  title = 	 ACTESDE # {TALN 2005} # TALNPAREN,
  booktitle = 	 ACTESDE # {TALN 2005} # TALNPAREN,
  year = 	 2005,
  editor =	 {Mich\`ele Jardino},
  address =	 {Dourdan},
  organization = {ATALA},
  publisher =	 {LIMSI},
  month =	 JUN
}

@Proceedings{TALN2007,
  title = 	 ACTESDE # {TALN 2007} # TALNPAREN,
  booktitle = 	 ACTESDE # {TALN 2007} # TALNPAREN,
  year = 	 {2007},
  editor =	 {Farah Benarmara and Nabil Hatout and Philippe Muller and Sylwia Ozdowska},
  address =	 {Toulouse},
  organization = {ATALA},
  publisher =	 {IRIT},
  month =	 JUN
}

@Proceedings{TALN2009,
  title = 	 ACTESDE # {TALN 2009} # TALNPAREN,
  booktitle = 	 ACTESDE # {TALN 2009} # TALNPAREN,
  year = 	 {2009},
  address =	 {Senlis},
  organization = {ATALA},
  publisher =	 {LIPN},
  month =	 JUN
}

@Proceedings{TALN2014,
  title = 	 ACTESDE # {TALN 2014} # TALNPAREN,
  booktitle = 	 ACTESDE # {TALN 2014} # TALNPAREN,
  year = 	 {2014},
  editor =	 {Brigitte Bigi},
  address =	 {Marseille},
  organization = {ATALA},
  publisher = {LPL},
  month = JUL
}
