
%%================================================================
%% Conserver ces lignes STRING en d\'ebut de fichier de bibliographie
%%================================================================
@STRING{TALN = {Traitement automatique des langues naturelles}}
@STRING{TALNPAREN = " (" # TALN # ")"}
@STRING{ACTESDE = "Actes de "} 

%%================================================================
%% Introduire vos entr\'ees bibliographiques ici
%%================================================================

%% exemples d'entr\'ees de TALN (simplifi\'ee gr\^ace \`a une r\'ef\'erence crois\'ee)


@inproceedings{Raz12,
  added-at = {2012-06-26T00:00:00.000+0200},
  author = {Raz, Yishay},
  crossref = {conf/naacl/2012},
  pages = {66-70},
  publisher = {The Association for Computational Linguistics},
  title = {Automatic Humor Classification on Twitter.},
  year = 2012
}


@inproceedings{Barbosa2010,
 author = {Barbosa, Luciano and Feng, Junlan},
 title = {Robust Sentiment Detection on Twitter from Biased and Noisy Data},
 year = {2010},
 pages = {36--44},
 publisher = {Association for Computational Linguistics}
} 

@inproceedings{Kiddon11,
  author = {Chlo{\'{e}} Kiddon and Yuriy Brun},
  title = {\href{http://people.cs.umass.edu/brun/pubs/pubs/Kiddon11.pdf}{That's
  what she said: Double entendre identification}},
  year = {2011},
  month = {June},
  pages = {89--94},
}

@article{Carletta,
 author = {Carletta, Jean},
 title = {Assessing Agreement on Classification Tasks: The Kappa Statistic},
 journal = {Comput. Linguist.},
 issue_date = {June 1996},
 number = {2},
 month = jun,
 year = {1996},
 publisher = {MIT Press},
 address = {Cambridge, MA, USA},
} 

@article{cohen1960,
  added-at = {2008-03-03T18:54:52.000+0100},
  author = {Cohen, J.},
  description = {Introduces Kappa as a way of calculating inter rater agreement between two raters},
  journal = {Educational and Psychological Measurement},
  keywords = {INFLUENTIAL methods tools},
  number = 1,
  pages = 37,
  title = {{A Coefficient of Agreement for Nominal Scales}},
  volume = 20,
  year = 1960
}


%%================================================================
%% Conserver ces lignes qui serviront \`a des r\'ef\'erences crois\'ees
%% en fin de fichier de bibliographie
%%================================================================
@Proceedings{TALN97,
  title = 	 ACTESDE # {TALN 1997} # TALNPAREN,
  booktitle = 	 ACTESDE # {TALN 1997} # TALNPAREN,
  year = 	 1997,
  editor =	 {Damien Genthial},
  address =	 {Grenoble},
  month =	 JUN
}

@Proceedings{TALN98,
  title = 	 ACTESDE # {TALN 1998} # TALNPAREN,
  booktitle = 	 ACTESDE # {TALN 1998} # TALNPAREN,
  year = 	 1998,
  editor =	 {Pierre Zweigenbaum},
  address =	 {Paris},
  organization = {ATALA},
  month =	 JUN
}

@Proceedings{TALN99,
  title = 	 ACTESDE # {TALN 1999} # TALNPAREN,
  booktitle = 	 ACTESDE # {TALN 1999} # TALNPAREN,
  year = 	 1999,
  editor =	 {Pascal Amsili},
  address =	 {Carg\`ese},
  organization = {ATALA},
  month =	 JUL
}

@Proceedings{TALN2000,
  title = 	 ACTESDE # {TALN 2000} # TALNPAREN,
  booktitle = 	 ACTESDE # {TALN 2000} # TALNPAREN,
  year = 	 2000,
  editor =	 {Eric Wehrli and Martin Rajman},
  address =	 {Lausanne},
  organization = {ATALA},
  publisher =	 {EPFL},
  month =	 OCT
}

@Proceedings{TALN2001,
  title = 	 ACTESDE # {TALN 2001} # TALNPAREN,
  booktitle = 	 ACTESDE # {TALN 2001} # TALNPAREN,
  year = 	 2001,
  editor =	 {Denis Maurel},
  address =	 {Tours},
  organization = {ATALA},
  publisher =	 {Universit\'e de Tours},
  month =	 JUL
}

@Proceedings{TALN2002,
  title = 	 ACTESDE # {TALN 2002} # TALNPAREN,
  booktitle = 	 ACTESDE # {TALN 2002} # TALNPAREN,
  year = 	 2002,
  editor =	 {Jean-Marie Pierrel},
  address =	 {Nancy},
  organization = {ATALA},
  publisher =	 {ATILF},
  month =	 JUN
}

@Proceedings{TALN2003,
  title = 	 ACTESDE # {TALN 2003} # TALNPAREN,
  booktitle = 	 ACTESDE # {TALN 2003} # TALNPAREN,
  year = 	 2003,
  editor =	 {B\'eatrice Daille},
  address =	 {Batz-sur-mer},
  organization = {ATALA},
  publisher =	 {IRIN},
  month =	 JUN
}

@Proceedings{TALN2004,
  title = 	 ACTESDE # {TALN 2004} # TALNPAREN,
  booktitle = 	 ACTESDE # {TALN 2004} # TALNPAREN,
  year = 	 2004,
  editor =	 {Philippe Blache},
  address =	 {F\`es, Maroc},
  organization = {ATALA},
  publisher =	 {LPL},
  month =	 APR
}

@Proceedings{TALN2005,
  title = 	 ACTESDE # {TALN 2005} # TALNPAREN,
  booktitle = 	 ACTESDE # {TALN 2005} # TALNPAREN,
  year = 	 2005,
  editor =	 {Mich\`ele Jardino},
  address =	 {Dourdan},
  organization = {ATALA},
  publisher =	 {LIMSI},
  month =	 JUN
}

@Proceedings{TALN2007,
  title = 	 ACTESDE # {TALN 2007} # TALNPAREN,
  booktitle = 	 ACTESDE # {TALN 2007} # TALNPAREN,
  year = 	 {2007},
  editor =	 {Farah Benarmara and Nabil Hatout and Philippe Muller and Sylwia Ozdowska},
  address =	 {Toulouse},
  organization = {ATALA},
  publisher =	 {IRIT},
  month =	 JUN
}

@Proceedings{TALN2009,
  title = 	 ACTESDE # {TALN 2009} # TALNPAREN,
  booktitle = 	 ACTESDE # {TALN 2009} # TALNPAREN,
  year = 	 {2009},
  address =	 {Senlis},
  organization = {ATALA},
  publisher =	 {LIPN},
  month =	 JUN
}

@Proceedings{TALN2014,
  title = 	 ACTESDE # {TALN 2014} # TALNPAREN,
  booktitle = 	 ACTESDE # {TALN 2014} # TALNPAREN,
  year = 	 {2014},
  editor =	 {Brigitte Bigi},
  address =	 {Marseille},
  organization = {ATALA},
  publisher = {LPL},
  month = JUL
}
